<record><leader>00000cas a22000007  4500</leader><controlfield tag="001">6934171</controlfield><controlfield tag="008">801113d18361839pauwr n       0   a0eng d</controlfield><datafield ind1=" " ind2=" " tag="010"><subfield code="a">sn 97067138 </subfield></datafield><datafield ind1=" " ind2=" " tag="040"><subfield code="a">BTI</subfield><subfield code="b">eng</subfield><subfield code="c">BTI</subfield><subfield code="d">NPH</subfield><subfield code="d">NVK</subfield><subfield code="d">OCL</subfield><subfield code="d">OCLCF</subfield><subfield code="d">OCLCO</subfield></datafield><datafield ind1=" " ind2=" " tag="042"><subfield code="a">msc</subfield></datafield><datafield ind1=" " ind2=" " tag="090"><subfield code="a">BX8950</subfield></datafield><datafield ind1="0" ind2="4" tag="245"><subfield code="a">The Philadelphia observer.</subfield></datafield><datafield ind1=" " ind2=" " tag="260"><subfield code="a">Philadelphia</subfield><subfield code="b">[J. McKnight], 1836-1839.</subfield></datafield><datafield ind1="0" ind2=" " tag="362"><subfield code="a">new ser. no. 1-143 (whole no. 559-638); Apr. 21, 1836-Jan. 12, 1839.</subfield></datafield><datafield ind1=" " ind2=" " tag="500"><subfield code="a">Presbyterian.</subfield></datafield><datafield ind1=" " ind2=" " tag="515"><subfield code="a">Issues for Jan. 5-Apr. 13, 1837 lack new ser. numbering but constitute no. 38-52.</subfield></datafield><datafield ind1=" " ind2=" " tag="515"><subfield code="a">Issues for Apr. 21-June 30, 1836 called whole no. 559-569; issues for July 7, 1836-Jan. 12, 1839 called whole no. 507-638.</subfield></datafield><datafield ind1=" " ind2=" " tag="580"><subfield code="a">Continues: Philadelphian. Cf. Union list of serials.</subfield></datafield><datafield ind1=" " ind2=" " tag="580"><subfield code="a">Merged with: Southern religious telegraph; to form: Religious telegraph and observer. Cf. Religious telegraph and observer, Jan. 24, 1839.</subfield></datafield><datafield ind1=" " ind2="0" tag="650"><subfield code="a">Presbyterian Church</subfield><subfield code="v">Newspapers.</subfield></datafield><datafield ind1=" " ind2="0" tag="651"><subfield code="a">Philadelphia (Pa.)</subfield><subfield code="v">Newspapers.</subfield></datafield><datafield ind1=" " ind2="7" tag="655"><subfield code="a">Newspapers.</subfield><subfield code="2">fast</subfield><subfield code="0">(OCoLC)fst01423814</subfield></datafield><datafield ind1=" " ind2="7" tag="650"><subfield code="a">Presbyterian Church.</subfield><subfield code="2">fast</subfield><subfield code="0">(OCoLC)fst01075515</subfield></datafield><datafield ind1=" " ind2="7" tag="651"><subfield code="a">Pennsylvania</subfield><subfield code="z">Philadelphia.</subfield><subfield code="2">fast</subfield><subfield code="0">(OCoLC)fst01204170</subfield></datafield><datafield ind1="1" ind2="0" tag="780"><subfield code="t">Philadelphian</subfield><subfield code="w">(OCoLC)11065251</subfield></datafield><datafield ind1="1" ind2="7" tag="785"><subfield code="t">Southern religious telegraph</subfield></datafield><datafield ind1="1" ind2="7" tag="785"><subfield code="t">Religious telegraph and observer</subfield></datafield><datafield ind1=" " ind2=" " tag="936"><subfield code="a">Jan. 12, 1839</subfield></datafield></record>